
@article{test1,
       author={Arrow, Kenneth J. and Leonid Hurwicz and Hirofumi Uzawa},
       title={Constraint qualifications in maximization problems},
       journal={Naval Research Logistics Quarterly},
       volume={8},
       year = 1961,
       pages = {175-191}
     }

@Article{artic1,
	authot = {Atef Ben-Youssef 1, Hiroshi Shimodaira1, David A. Braude1},
	title = {Articulatory features for speech-driven head motion synthesis},
	year = 2013,
	pages = {0-1}
}